
@article{boxNoteGenerationRandom1958,
	title = {A {Note} on the {Generation} of {Random} {Normal} {Deviates}},
	volume = {29},
	issn = {0003-4851, 2168-8990},
	url = {https://projecteuclid.org/journals/annals-of-mathematical-statistics/volume-29/issue-2/A-Note-on-the-Generation-of-Random-Normal-Deviates/10.1214/aoms/1177706645.full},
	doi = {10.1214/aoms/1177706645},
	abstract = {The Annals of Mathematical Statistics},
	number = {2},
	urldate = {2024-09-30},
	journal = {The Annals of Mathematical Statistics},
	author = {Box, G. E. P. and Muller, Mervin E.},
	month = jun,
	year = {1958},
	note = {Publisher: Institute of Mathematical Statistics},
	pages = {610--611},
	file = {Full Text PDF:/Users/shozendan/Zotero/storage/IPRIGHFV/Box and Muller - 1958 - A Note on the Generation of Random Normal Deviates.pdf:application/pdf},
}
